@book{minto2009pyramid,
    title={The Pyramid Principle: Logic in Writing and Thinking},
    author={Minto, B.},
    isbn={9780273710516},
    lccn={2009396730},
    series={Financial Times Series},
    year={2009},
    publisher={Financial Times Prentice Hall}
}

@book{jeffrey:2016,
title={About Writing: A Guide},
edition={Revised Edition},
author={Robin Jeffrey},
publisher={Open Oregon Educational Resources},
address={Portland, Ore.},
year={2016}
}

@article{Knuth:1997,
author = {Donald E. Knuth and  Tracy Larrabee and Paul M. Roberts},
title = {Mathematical Writing},
year = {1989},
publisher = {The Mathematical Association of America},
address = {USA},
ibsn = {0-88385-063-X},
numpages = {116}
}

@misc{seila,
url={\url{https://www.ime.usp.br/~kon/ResearchStudents/dicasIngles.html}}
}